<record><leader>02037cam a2200469 i 4500</leader><controlfield tag="001">6811998</controlfield><controlfield tag="003">OCoLC</controlfield><controlfield tag="005">20150530072001.3</controlfield><controlfield tag="006">m     o  d        </controlfield><controlfield tag="007">cr cn|||||||||</controlfield><controlfield tag="008">141113t20152015enka    ob    001 0 eng d</controlfield><datafield ind1=" " ind2=" " tag="020"><subfield code="a">9780124079397</subfield><subfield code="q">(e-book)</subfield></datafield><datafield ind1=" " ind2=" " tag="020"><subfield code="a">0124079393</subfield><subfield code="q">(e-book)</subfield></datafield><datafield ind1=" " ind2=" " tag="020"><subfield code="z">9780124078246</subfield></datafield><datafield ind1=" " ind2=" " tag="035"><subfield code="a">ocn896853486</subfield></datafield><datafield ind1=" " ind2=" " tag="039"><subfield code="a">exclude</subfield></datafield><datafield ind1=" " ind2=" " tag="040"><subfield code="a">E7B</subfield><subfield code="b">eng</subfield><subfield code="e">rda</subfield><subfield code="e">pn</subfield><subfield code="c">E7B</subfield><subfield code="d">OCLCO</subfield><subfield code="d">YDXCP</subfield><subfield code="d">OCLCQ</subfield><subfield code="d">UIU</subfield><subfield code="d">AEU</subfield></datafield><datafield ind1=" " ind2="4" tag="050"><subfield code="a">RC521</subfield><subfield code="b">.M378 2015eb</subfield></datafield><datafield ind1="0" ind2="4" tag="082"><subfield code="a">616.83</subfield><subfield code="2">23</subfield></datafield><datafield ind1=" " ind2=" " tag="090"><subfield code="a">Internet Access</subfield><subfield code="b">AEGMCT</subfield></datafield><datafield ind1=" " ind2=" " tag="090"><subfield code="a">Internet Access</subfield><subfield code="b">AEU</subfield></datafield><datafield ind1="1" ind2=" " tag="100"><subfield code="a">Martin, Colin R.,</subfield><subfield code="e">author.</subfield></datafield><datafield ind1="1" ind2="0" tag="245"><subfield code="a">Diet and nutrition in dementia and cognitive decline /</subfield><subfield code="c">Colin R. Martin, Victor R. Preedy ; contributors Angela Marie Abbatecola [and one hundred fifty seven others].</subfield></datafield><datafield ind1=" " ind2="1" tag="264"><subfield code="a">London, England :</subfield><subfield code="b">Academic Press,</subfield><subfield code="c">2015.</subfield></datafield><datafield ind1=" " ind2="4" tag="264"><subfield code="c">&#169;2015</subfield></datafield><datafield ind1=" " ind2=" " tag="300"><subfield code="a">1 online resource.</subfield></datafield><datafield ind1=" " ind2=" " tag="336"><subfield code="a">text</subfield><subfield code="2">rdacontent</subfield></datafield><datafield ind1=" " ind2=" " tag="337"><subfield code="a">computer</subfield><subfield code="2">rdamedia</subfield></datafield><datafield ind1=" " ind2=" " tag="338"><subfield code="a">online resource</subfield><subfield code="2">rdacarrier</subfield></datafield><datafield ind1=" " ind2=" " tag="504"><subfield code="a">Includes bibliographical references at the end of each chapters and index.</subfield></datafield><datafield ind1=" " ind2=" " tag="506"><subfield code="a">Access restricted to authorized users and institutions.</subfield></datafield><datafield ind1="0" ind2=" " tag="588"><subfield code="a">Online resource; title from PDF title page (ebrary, viewed November 12, 2014).</subfield></datafield><datafield ind1=" " ind2=" " tag="596"><subfield code="a">44 57</subfield></datafield><datafield ind1=" " ind2="0" tag="650"><subfield code="a">Dementia</subfield><subfield code="x">Treatment.</subfield></datafield><datafield ind1=" " ind2="0" tag="650"><subfield code="a">Dementia</subfield><subfield code="x">Diet therapy.</subfield></datafield><datafield ind1="1" ind2=" " tag="700"><subfield code="a">Preedy, Victor R.,</subfield><subfield code="e">author.</subfield></datafield><datafield ind1="1" ind2=" " tag="700"><subfield code="a">Abbatecola, Angela Marie,</subfield><subfield code="e">contributor.</subfield></datafield><datafield ind1="4" ind2="0" tag="856"><subfield code="3">MacEwan University Access</subfield><subfield code="u">http://www.sciencedirect.com/science/book/9780124078246</subfield><subfield code="z">(Unlimited Concurrent Users)</subfield></datafield><datafield ind1="4" ind2="0" tag="856"><subfield code="3">University of Alberta Access</subfield><subfield code="u">http://www.sciencedirect.com/science/book/9780124078246</subfield><subfield code="z">(Unlimited Concurrent Users)</subfield></datafield><datafield ind1=" " ind2=" " tag="949"><subfield code="h">UAIN</subfield><subfield code="m">GR_MAC_INT</subfield><subfield code="z">SCIDIRCOGM</subfield></datafield><datafield ind1=" " ind2=" " tag="926"><subfield code="a">Internet Access</subfield><subfield code="w">LC</subfield><subfield code="c">1</subfield><subfield code="i">6811998-1001</subfield><subfield code="l">INTERNET</subfield><subfield code="m">UAINTERNET</subfield><subfield code="r">Y</subfield><subfield code="s">Y</subfield><subfield code="t">E-RESOURCE</subfield><subfield code="u">2/24/2015</subfield><subfield code="x">E-BOOK</subfield><subfield code="z">SCIDIRECT</subfield></datafield><datafield ind1=" " ind2=" " tag="926"><subfield code="a">Internet Access</subfield><subfield code="w">LC</subfield><subfield code="c">1</subfield><subfield code="i">6811998-2001</subfield><subfield code="l">INTERNET</subfield><subfield code="m">GR_MAC_INT</subfield><subfield code="r">Y</subfield><subfield code="s">Y</subfield><subfield code="t">E-RESOURCE</subfield><subfield code="u">7/9/2015</subfield><subfield code="x">E-BOOK</subfield><subfield code="z">SCIDIRCOGM</subfield></datafield></record>